<collection xmlns="http://www.loc.gov/MARC21/slim">
<record>
  <leader>01564nam0a2200325 i 450 </leader>
  <controlfield tag="001">IT\ICCU\CNCE\018456</controlfield>
  <controlfield tag="005">20160104000000.0</controlfield>
  <datafield tag="012" ind1=" " ind2=" ">
    <subfield code="a">uiEt saac eris m-is (C) 1560 (Q)</subfield>
    <subfield code="2">fei</subfield>
  </datafield>
  <datafield tag="100" ind1=" " ind2=" ">
    <subfield code="a">19970101f1560        0itac0103    ba</subfield>
  </datafield>
  <datafield tag="101" ind1=" " ind2=" ">
    <subfield code="a">LAT</subfield>
  </datafield>
  <datafield tag="102" ind1=" " ind2=" ">
    <subfield code="a">IT</subfield>
  </datafield>
  <datafield tag="200" ind1="1" ind2=" ">
    <subfield code="a">Confirmatio priuilegiorum Fabricae Basilicae principis apostolorum de Vrbe, per s.d.n. Pium diuina prouidentia papam quartum facta</subfield>
  </datafield>
  <datafield tag="210" ind1=" " ind2=" ">
    <subfield code="d">\1560?!</subfield>
  </datafield>
  <datafield tag="215" ind1=" " ind2=" ">
    <subfield code="a">\2! c.</subfield>
    <subfield code="d">4ʻ</subfield>
  </datafield>
  <datafield tag="300" ind1=" " ind2=" ">
    <subfield code="a">Stampata a Roma da Antonio Blado. Cfr.: Catalogo delle edizioni romane di Antonio Blado Asolano ed eredi, n. 1287. - La data si ricava dal Datum</subfield>
  </datafield>
  <datafield tag="620" ind1=" " ind2=" ">
    <subfield code="a">IT</subfield>
    <subfield code="d">Roma</subfield>
  </datafield>
  <datafield tag="710" ind1="0" ind2="2">
    <subfield code="a">Fabbrica di S. Pietro</subfield>
    <subfield code="3">IT\ICCU\CNCT\005204</subfield>
  </datafield>
  <datafield tag="702" ind1=" " ind2="0">
    <subfield code="a">Pius</subfield>
    <subfield code="c"> &lt;papa</subfield>
    <subfield code="c"> ; 4.&gt;</subfield>
    <subfield code="3">IT\ICCU\CNCA\002203</subfield>
  </datafield>
  <datafield tag="712" ind1="0" ind2="0">
    <subfield code="a">Blado, Antonio</subfield>
    <subfield code="3">IT\ICCU\CNCT\000157</subfield>
    <subfield code="4">650</subfield>
  </datafield>
  <datafield tag="791" ind1="0" ind2="2">
    <subfield code="a">Fabrica Basilicae principis apostolorum de Urbe</subfield>
    <subfield code="3">15518</subfield>
    <subfield code="z">Fabbrica di S. Pietro</subfield>
  </datafield>
  <datafield tag="791" ind1="0" ind2="2">
    <subfield code="a">Congregazione della reverenda Fabbrica di S. Pietro</subfield>
    <subfield code="3">18807</subfield>
    <subfield code="z">Fabbrica di S. Pietro</subfield>
  </datafield>
  <datafield tag="790" ind1=" " ind2="1">
    <subfield code="a">Medici,</subfield>
    <subfield code="b">Giovanni Angelo</subfield>
    <subfield code="3">IT\ICCU\CNCA\014648</subfield>
    <subfield code="z">Pius &lt;papa ; 4.&gt;</subfield>
  </datafield>
  <datafield tag="791" ind1="0" ind2="2">
    <subfield code="a">Antonio d&apos;Asola</subfield>
    <subfield code="3">IT\ICCU\CNCT\003628</subfield>
    <subfield code="z">Blado, Antonio</subfield>
  </datafield>
  <datafield tag="791" ind1="0" ind2="0">
    <subfield code="a">Bladus, Antonius</subfield>
    <subfield code="3">IT\ICCU\CNCT\004402</subfield>
    <subfield code="z">Blado, Antonio</subfield>
  </datafield>
  <datafield tag="791" ind1="0" ind2="0">
    <subfield code="a">Bladi, Antonio de</subfield>
    <subfield code="3">IT\ICCU\CNCT\004403</subfield>
    <subfield code="z">Blado, Antonio</subfield>
  </datafield>
  <datafield tag="801" ind1=" " ind2="3">
    <subfield code="a">IT</subfield>
    <subfield code="b">ICCU</subfield>
    <subfield code="c">20201114</subfield>
  </datafield>
  <datafield tag="899" ind1=" " ind2=" ">
    <subfield code="a">Biblioteca diocesana. Ancona</subfield>
    <subfield code="1">AN0009</subfield>
    <subfield code="2">PBE 56</subfield>
  </datafield>
  <datafield tag="899" ind1=" " ind2=" ">
    <subfield code="a">Biblioteca nazionale centrale. Firenze</subfield>
    <subfield code="1">FI0098</subfield>
    <subfield code="2">CFI CF</subfield>
  </datafield>
  <datafield tag="899" ind1=" " ind2=" ">
    <subfield code="a">Biblioteca nazionale centrale. Roma</subfield>
    <subfield code="1">RM0267</subfield>
    <subfield code="2">BVE CR</subfield>
  </datafield>
  <datafield tag="899" ind1=" " ind2=" ">
    <subfield code="a">Biblioteca romana. Roma</subfield>
    <subfield code="1">RM0275</subfield>
    <subfield code="2">RMR AC</subfield>
  </datafield>
</record>
</collection>
